%YAML 1.1
%TAG !u! tag:unity3d.com,2011:
--- !u!54 &2037693427
Rigidbody:
  m_ObjectHideFlags: 0
  m_CorrespondingSourceObject: {fileID: 0}
  m_PrefabInstance: {fileID: 0}
  m_PrefabAsset: {fileID: 0}
  m_GameObject: {fileID: 6161577175380667701}
  serializedVersion: 2
  m_Mass: 1
  m_Drag: 1
  m_AngularDrag: 1
  m_UseGravity: 0
  m_IsKinematic: 1
  m_Interpolate: 0
  m_Constraints: 0
  m_CollisionDetection: 0
--- !u!95 &6432046379088049608
Animator:
  serializedVersion: 3
  m_ObjectHideFlags: 0
  m_CorrespondingSourceObject: {fileID: 0}
  m_PrefabInstance: {fileID: 0}
  m_PrefabAsset: {fileID: 0}
  m_GameObject: {fileID: 6161577175380667701}
  m_Enabled: 1
  m_Avatar: {fileID: 0}
  m_Controller: {fileID: 9100000, guid: 0233430c072336b46894fb858bcc4269, type: 2}
  m_CullingMode: 0
  m_UpdateMode: 0
  m_ApplyRootMotion: 0
  m_LinearVelocityBlending: 0
  m_WarningMessage: 
  m_HasTransformHierarchy: 1
  m_AllowConstantClipSamplingOptimization: 1
  m_KeepAnimatorControllerStateOnDisable: 0
--- !u!1 &6432046378680504568
GameObject:
  m_ObjectHideFlags: 0
  m_CorrespondingSourceObject: {fileID: 0}
  m_PrefabInstance: {fileID: 0}
  m_PrefabAsset: {fileID: 0}
  serializedVersion: 6
  m_Component:
  - component: {fileID: 6432046378680504566}
  - component: {fileID: 6432046378680504567}
  - component: {fileID: 6432046378680504565}
  - component: {fileID: 6432046378680504564}
  - component: {fileID: 6432046378680504571}
  - component: {fileID: 6432046378680504570}
  - component: {fileID: 6432046378680504569}
  - component: {fileID: 5660698052722169134}
  m_Layer: 0
  m_Name: ImageTarget
  m_TagString: Untagged
  m_Icon: {fileID: 0}
  m_NavMeshLayer: 0
  m_StaticEditorFlags: 0
  m_IsActive: 1
--- !u!4 &6432046378680504566
Transform:
  m_ObjectHideFlags: 0
  m_CorrespondingSourceObject: {fileID: 0}
  m_PrefabInstance: {fileID: 0}
  m_PrefabAsset: {fileID: 0}
  m_GameObject: {fileID: 6432046378680504568}
  m_LocalRotation: {x: 0, y: 0, z: 0, w: 1}
  m_LocalPosition: {x: 0, y: -19.3, z: 10}
  m_LocalScale: {x: 5, y: 5, z: 5}
  m_Children:
  - {fileID: 6432046379216015912}
  - {fileID: 6830132590071543695}
  - {fileID: 6432046379227679301}
  m_Father: {fileID: 0}
  m_RootOrder: 0
  m_LocalEulerAnglesHint: {x: 0, y: 0, z: 0}
--- !u!114 &6432046378680504567
MonoBehaviour:
  m_ObjectHideFlags: 0
  m_CorrespondingSourceObject: {fileID: 0}
  m_PrefabInstance: {fileID: 0}
  m_PrefabAsset: {fileID: 0}
  m_GameObject: {fileID: 6432046378680504568}
  m_Enabled: 1
  m_EditorHideFlags: 0
  m_Script: {fileID: 11500000, guid: 40efd760b041b9d43998eaf4ae5ea977, type: 3}
  m_Name: 
  m_EditorClassIdentifier: 
  ARObj: {fileID: 6161577175380667701}
  panel: {fileID: 6432046379227679300}
  vfx: {fileID: 6432046379216015917}
  bgm: {fileID: 5660698052722169134}
  speedSpawn: 1
  _isFadeIn: 1
--- !u!114 &6432046378680504565
MonoBehaviour:
  m_ObjectHideFlags: 0
  m_CorrespondingSourceObject: {fileID: 0}
  m_PrefabInstance: {fileID: 0}
  m_PrefabAsset: {fileID: 0}
  m_GameObject: {fileID: 6432046378680504568}
  m_Enabled: 1
  m_EditorHideFlags: 0
  m_Script: {fileID: -1631628248, guid: bab6fa851cf5a1a4bba3cec5f191cb8e, type: 3}
  m_Name: 
  m_EditorClassIdentifier: 
  mTrackableName: Test
  mPreserveChildSize: 0
  mInitializedInEditor: 1
  mDataSetPath: Vuforia/ArutalaJunior.xml
  mAspectRatio: 0.75
  mImageTargetType: 0
  mWidth: 5
  mHeight: 3.75
--- !u!114 &6432046378680504564
MonoBehaviour:
  m_ObjectHideFlags: 0
  m_CorrespondingSourceObject: {fileID: 0}
  m_PrefabInstance: {fileID: 0}
  m_PrefabAsset: {fileID: 0}
  m_GameObject: {fileID: 6432046378680504568}
  m_Enabled: 1
  m_EditorHideFlags: 0
  m_Script: {fileID: 11500000, guid: 5a917f0af64a6423093132dab321c15f, type: 3}
  m_Name: 
  m_EditorClassIdentifier: 
--- !u!114 &6432046378680504571
MonoBehaviour:
  m_ObjectHideFlags: 0
  m_CorrespondingSourceObject: {fileID: 0}
  m_PrefabInstance: {fileID: 0}
  m_PrefabAsset: {fileID: 0}
  m_GameObject: {fileID: 6432046378680504568}
  m_Enabled: 1
  m_EditorHideFlags: 0
  m_Script: {fileID: -1770992566, guid: bab6fa851cf5a1a4bba3cec5f191cb8e, type: 3}
  m_Name: 
  m_EditorClassIdentifier: 
--- !u!23 &6432046378680504570
MeshRenderer:
  m_ObjectHideFlags: 0
  m_CorrespondingSourceObject: {fileID: 0}
  m_PrefabInstance: {fileID: 0}
  m_PrefabAsset: {fileID: 0}
  m_GameObject: {fileID: 6432046378680504568}
  m_Enabled: 1
  m_CastShadows: 1
  m_ReceiveShadows: 1
  m_DynamicOccludee: 1
  m_MotionVectors: 1
  m_LightProbeUsage: 0
  m_ReflectionProbeUsage: 1
  m_RayTracingMode: 2
  m_RenderingLayerMask: 1
  m_RendererPriority: 0
  m_Materials:
  - {fileID: 0}
  m_StaticBatchInfo:
    firstSubMesh: 0
    subMeshCount: 0
  m_StaticBatchRoot: {fileID: 0}
  m_ProbeAnchor: {fileID: 0}
  m_LightProbeVolumeOverride: {fileID: 0}
  m_ScaleInLightmap: 1
  m_ReceiveGI: 1
  m_PreserveUVs: 0
  m_IgnoreNormalsForChartDetection: 0
  m_ImportantGI: 0
  m_StitchLightmapSeams: 1
  m_SelectedEditorRenderState: 3
  m_MinimumChartSize: 4
  m_AutoUVMaxDistance: 0.5
  m_AutoUVMaxAngle: 89
  m_LightmapParameters: {fileID: 0}
  m_SortingLayerID: 0
  m_SortingLayer: 0
  m_SortingOrder: 0
--- !u!33 &6432046378680504569
MeshFilter:
  m_ObjectHideFlags: 0
  m_CorrespondingSourceObject: {fileID: 0}
  m_PrefabInstance: {fileID: 0}
  m_PrefabAsset: {fileID: 0}
  m_GameObject: {fileID: 6432046378680504568}
  m_Mesh: {fileID: 0}
--- !u!82 &5660698052722169134
AudioSource:
  m_ObjectHideFlags: 0
  m_CorrespondingSourceObject: {fileID: 0}
  m_PrefabInstance: {fileID: 0}
  m_PrefabAsset: {fileID: 0}
  m_GameObject: {fileID: 6432046378680504568}
  m_Enabled: 1
  serializedVersion: 4
  OutputAudioMixerGroup: {fileID: 0}
  m_audioClip: {fileID: 8300000, guid: a3daa30d5f7dbdb469a0efe3c4d3414e, type: 3}
  m_PlayOnAwake: 0
  m_Volume: 1
  m_Pitch: 1
  Loop: 0
  Mute: 0
  Spatialize: 0
  SpatializePostEffects: 0
  Priority: 128
  DopplerLevel: 1
  MinDistance: 1
  MaxDistance: 500
  Pan2D: 0
  rolloffMode: 0
  BypassEffects: 0
  BypassListenerEffects: 0
  BypassReverbZones: 0
  rolloffCustomCurve:
    serializedVersion: 2
    m_Curve:
    - serializedVersion: 3
      time: 0
      value: 1
      inSlope: 0
      outSlope: 0
      tangentMode: 0
      weightedMode: 0
      inWeight: 0.33333334
      outWeight: 0.33333334
    - serializedVersion: 3
      time: 1
      value: 0
      inSlope: 0
      outSlope: 0
      tangentMode: 0
      weightedMode: 0
      inWeight: 0.33333334
      outWeight: 0.33333334
    m_PreInfinity: 2
    m_PostInfinity: 2
    m_RotationOrder: 4
  panLevelCustomCurve:
    serializedVersion: 2
    m_Curve:
    - serializedVersion: 3
      time: 0
      value: 0
      inSlope: 0
      outSlope: 0
      tangentMode: 0
      weightedMode: 0
      inWeight: 0.33333334
      outWeight: 0.33333334
    m_PreInfinity: 2
    m_PostInfinity: 2
    m_RotationOrder: 4
  spreadCustomCurve:
    serializedVersion: 2
    m_Curve:
    - serializedVersion: 3
      time: 0
      value: 0
      inSlope: 0
      outSlope: 0
      tangentMode: 0
      weightedMode: 0
      inWeight: 0.33333334
      outWeight: 0.33333334
    m_PreInfinity: 2
    m_PostInfinity: 2
    m_RotationOrder: 4
  reverbZoneMixCustomCurve:
    serializedVersion: 2
    m_Curve:
    - serializedVersion: 3
      time: 0
      value: 1
      inSlope: 0
      outSlope: 0
      tangentMode: 0
      weightedMode: 0
      inWeight: 0.33333334
      outWeight: 0.33333334
    m_PreInfinity: 2
    m_PostInfinity: 2
    m_RotationOrder: 4
--- !u!1001 &5269931607959867325
PrefabInstance:
  m_ObjectHideFlags: 0
  serializedVersion: 2
  m_Modification:
    m_TransformParent: {fileID: 6432046378680504566}
    m_Modifications:
    - target: {fileID: 1180425763140732408, guid: 21d31ea294e226542ae84eee4c9def95,
        type: 3}
      propertyPath: m_LocalPosition.x
      value: -0
      objectReference: {fileID: 0}
    - target: {fileID: 1180425763140732408, guid: 21d31ea294e226542ae84eee4c9def95,
        type: 3}
      propertyPath: m_LocalPosition.y
      value: 0.009
      objectReference: {fileID: 0}
    - target: {fileID: 1180425763140732408, guid: 21d31ea294e226542ae84eee4c9def95,
        type: 3}
      propertyPath: m_LocalPosition.z
      value: 0.0001
      objectReference: {fileID: 0}
    - target: {fileID: 1180425763140732408, guid: 21d31ea294e226542ae84eee4c9def95,
        type: 3}
      propertyPath: m_LocalRotation.x
      value: 0
      objectReference: {fileID: 0}
    - target: {fileID: 1180425763140732408, guid: 21d31ea294e226542ae84eee4c9def95,
        type: 3}
      propertyPath: m_LocalRotation.y
      value: 0
      objectReference: {fileID: 0}
    - target: {fileID: 1180425763140732408, guid: 21d31ea294e226542ae84eee4c9def95,
        type: 3}
      propertyPath: m_LocalRotation.z
      value: 0
      objectReference: {fileID: 0}
    - target: {fileID: 1180425763140732408, guid: 21d31ea294e226542ae84eee4c9def95,
        type: 3}
      propertyPath: m_LocalRotation.w
      value: 1
      objectReference: {fileID: 0}
    - target: {fileID: 1180425763140732408, guid: 21d31ea294e226542ae84eee4c9def95,
        type: 3}
      propertyPath: m_RootOrder
      value: 2
      objectReference: {fileID: 0}
    - target: {fileID: 1180425763140732408, guid: 21d31ea294e226542ae84eee4c9def95,
        type: 3}
      propertyPath: m_LocalEulerAnglesHint.x
      value: 0
      objectReference: {fileID: 0}
    - target: {fileID: 1180425763140732408, guid: 21d31ea294e226542ae84eee4c9def95,
        type: 3}
      propertyPath: m_LocalEulerAnglesHint.y
      value: 0
      objectReference: {fileID: 0}
    - target: {fileID: 1180425763140732408, guid: 21d31ea294e226542ae84eee4c9def95,
        type: 3}
      propertyPath: m_LocalEulerAnglesHint.z
      value: 0
      objectReference: {fileID: 0}
    - target: {fileID: 1180425763140732408, guid: 21d31ea294e226542ae84eee4c9def95,
        type: 3}
      propertyPath: m_LocalScale.x
      value: 0.1
      objectReference: {fileID: 0}
    - target: {fileID: 1180425763140732408, guid: 21d31ea294e226542ae84eee4c9def95,
        type: 3}
      propertyPath: m_LocalScale.y
      value: 1
      objectReference: {fileID: 0}
    - target: {fileID: 1180425763140732408, guid: 21d31ea294e226542ae84eee4c9def95,
        type: 3}
      propertyPath: m_LocalScale.z
      value: 0.1
      objectReference: {fileID: 0}
    - target: {fileID: 1180425763140732409, guid: 21d31ea294e226542ae84eee4c9def95,
        type: 3}
      propertyPath: m_Name
      value: Plane
      objectReference: {fileID: 0}
    - target: {fileID: 1180425763140732409, guid: 21d31ea294e226542ae84eee4c9def95,
        type: 3}
      propertyPath: m_IsActive
      value: 0
      objectReference: {fileID: 0}
    m_RemovedComponents: []
  m_SourcePrefab: {fileID: 100100000, guid: 21d31ea294e226542ae84eee4c9def95, type: 3}
--- !u!1 &6432046379227679300 stripped
GameObject:
  m_CorrespondingSourceObject: {fileID: 1180425763140732409, guid: 21d31ea294e226542ae84eee4c9def95,
    type: 3}
  m_PrefabInstance: {fileID: 5269931607959867325}
  m_PrefabAsset: {fileID: 0}
--- !u!4 &6432046379227679301 stripped
Transform:
  m_CorrespondingSourceObject: {fileID: 1180425763140732408, guid: 21d31ea294e226542ae84eee4c9def95,
    type: 3}
  m_PrefabInstance: {fileID: 5269931607959867325}
  m_PrefabAsset: {fileID: 0}
--- !u!1001 &5323688618280690028
PrefabInstance:
  m_ObjectHideFlags: 0
  serializedVersion: 2
  m_Modification:
    m_TransformParent: {fileID: 6432046378680504566}
    m_Modifications:
    - target: {fileID: 1668596790236108515, guid: 72a42111a827b4142ae42b48023f4293,
        type: 3}
      propertyPath: m_LocalPosition.x
      value: 0
      objectReference: {fileID: 0}
    - target: {fileID: 1668596790236108515, guid: 72a42111a827b4142ae42b48023f4293,
        type: 3}
      propertyPath: m_LocalPosition.y
      value: 0
      objectReference: {fileID: 0}
    - target: {fileID: 1668596790236108515, guid: 72a42111a827b4142ae42b48023f4293,
        type: 3}
      propertyPath: m_LocalPosition.z
      value: 0
      objectReference: {fileID: 0}
    - target: {fileID: 1668596790236108515, guid: 72a42111a827b4142ae42b48023f4293,
        type: 3}
      propertyPath: m_LocalRotation.x
      value: -0
      objectReference: {fileID: 0}
    - target: {fileID: 1668596790236108515, guid: 72a42111a827b4142ae42b48023f4293,
        type: 3}
      propertyPath: m_LocalRotation.y
      value: -0
      objectReference: {fileID: 0}
    - target: {fileID: 1668596790236108515, guid: 72a42111a827b4142ae42b48023f4293,
        type: 3}
      propertyPath: m_LocalRotation.z
      value: -0
      objectReference: {fileID: 0}
    - target: {fileID: 1668596790236108515, guid: 72a42111a827b4142ae42b48023f4293,
        type: 3}
      propertyPath: m_LocalRotation.w
      value: 1
      objectReference: {fileID: 0}
    - target: {fileID: 1668596790236108515, guid: 72a42111a827b4142ae42b48023f4293,
        type: 3}
      propertyPath: m_RootOrder
      value: 1
      objectReference: {fileID: 0}
    - target: {fileID: 1668596790236108515, guid: 72a42111a827b4142ae42b48023f4293,
        type: 3}
      propertyPath: m_LocalEulerAnglesHint.x
      value: 0
      objectReference: {fileID: 0}
    - target: {fileID: 1668596790236108515, guid: 72a42111a827b4142ae42b48023f4293,
        type: 3}
      propertyPath: m_LocalEulerAnglesHint.y
      value: 0
      objectReference: {fileID: 0}
    - target: {fileID: 1668596790236108515, guid: 72a42111a827b4142ae42b48023f4293,
        type: 3}
      propertyPath: m_LocalEulerAnglesHint.z
      value: 0
      objectReference: {fileID: 0}
    - target: {fileID: 1668596790236108515, guid: 72a42111a827b4142ae42b48023f4293,
        type: 3}
      propertyPath: m_LocalScale.x
      value: 7
      objectReference: {fileID: 0}
    - target: {fileID: 1668596790236108515, guid: 72a42111a827b4142ae42b48023f4293,
        type: 3}
      propertyPath: m_LocalScale.y
      value: 7
      objectReference: {fileID: 0}
    - target: {fileID: 1668596790236108515, guid: 72a42111a827b4142ae42b48023f4293,
        type: 3}
      propertyPath: m_LocalScale.z
      value: 7
      objectReference: {fileID: 0}
    - target: {fileID: 2045719844775595097, guid: 72a42111a827b4142ae42b48023f4293,
        type: 3}
      propertyPath: m_Name
      value: ArutalaLogo
      objectReference: {fileID: 0}
    - target: {fileID: 2045719844775595097, guid: 72a42111a827b4142ae42b48023f4293,
        type: 3}
      propertyPath: m_IsActive
      value: 0
      objectReference: {fileID: 0}
    m_RemovedComponents: []
  m_SourcePrefab: {fileID: 100100000, guid: 72a42111a827b4142ae42b48023f4293, type: 3}
--- !u!1 &6161577175380667701 stripped
GameObject:
  m_CorrespondingSourceObject: {fileID: 2045719844775595097, guid: 72a42111a827b4142ae42b48023f4293,
    type: 3}
  m_PrefabInstance: {fileID: 5323688618280690028}
  m_PrefabAsset: {fileID: 0}
--- !u!4 &6830132590071543695 stripped
Transform:
  m_CorrespondingSourceObject: {fileID: 1668596790236108515, guid: 72a42111a827b4142ae42b48023f4293,
    type: 3}
  m_PrefabInstance: {fileID: 5323688618280690028}
  m_PrefabAsset: {fileID: 0}
--- !u!1001 &6392355139004846841
PrefabInstance:
  m_ObjectHideFlags: 0
  serializedVersion: 2
  m_Modification:
    m_TransformParent: {fileID: 6432046378680504566}
    m_Modifications:
    - target: {fileID: 141033510495633617, guid: 1ab5f48d8d6dd5d43afd6c0ec9fb98bb,
        type: 3}
      propertyPath: m_LocalPosition.x
      value: 0
      objectReference: {fileID: 0}
    - target: {fileID: 141033510495633617, guid: 1ab5f48d8d6dd5d43afd6c0ec9fb98bb,
        type: 3}
      propertyPath: m_LocalPosition.y
      value: 0
      objectReference: {fileID: 0}
    - target: {fileID: 141033510495633617, guid: 1ab5f48d8d6dd5d43afd6c0ec9fb98bb,
        type: 3}
      propertyPath: m_LocalPosition.z
      value: 0
      objectReference: {fileID: 0}
    - target: {fileID: 141033510495633617, guid: 1ab5f48d8d6dd5d43afd6c0ec9fb98bb,
        type: 3}
      propertyPath: m_LocalRotation.x
      value: -0.7071068
      objectReference: {fileID: 0}
    - target: {fileID: 141033510495633617, guid: 1ab5f48d8d6dd5d43afd6c0ec9fb98bb,
        type: 3}
      propertyPath: m_LocalRotation.y
      value: -0
      objectReference: {fileID: 0}
    - target: {fileID: 141033510495633617, guid: 1ab5f48d8d6dd5d43afd6c0ec9fb98bb,
        type: 3}
      propertyPath: m_LocalRotation.z
      value: -0
      objectReference: {fileID: 0}
    - target: {fileID: 141033510495633617, guid: 1ab5f48d8d6dd5d43afd6c0ec9fb98bb,
        type: 3}
      propertyPath: m_LocalRotation.w
      value: 0.7071068
      objectReference: {fileID: 0}
    - target: {fileID: 141033510495633617, guid: 1ab5f48d8d6dd5d43afd6c0ec9fb98bb,
        type: 3}
      propertyPath: m_RootOrder
      value: 0
      objectReference: {fileID: 0}
    - target: {fileID: 141033510495633617, guid: 1ab5f48d8d6dd5d43afd6c0ec9fb98bb,
        type: 3}
      propertyPath: m_LocalEulerAnglesHint.x
      value: -90
      objectReference: {fileID: 0}
    - target: {fileID: 141033510495633617, guid: 1ab5f48d8d6dd5d43afd6c0ec9fb98bb,
        type: 3}
      propertyPath: m_LocalEulerAnglesHint.y
      value: 0
      objectReference: {fileID: 0}
    - target: {fileID: 141033510495633617, guid: 1ab5f48d8d6dd5d43afd6c0ec9fb98bb,
        type: 3}
      propertyPath: m_LocalEulerAnglesHint.z
      value: 0
      objectReference: {fileID: 0}
    - target: {fileID: 141033510495633620, guid: 1ab5f48d8d6dd5d43afd6c0ec9fb98bb,
        type: 3}
      propertyPath: m_Name
      value: Fire Particle
      objectReference: {fileID: 0}
    - target: {fileID: 141033510495633620, guid: 1ab5f48d8d6dd5d43afd6c0ec9fb98bb,
        type: 3}
      propertyPath: m_IsActive
      value: 0
      objectReference: {fileID: 0}
    - target: {fileID: 141033510495633622, guid: 1ab5f48d8d6dd5d43afd6c0ec9fb98bb,
        type: 3}
      propertyPath: ShapeModule.m_Scale.x
      value: 6
      objectReference: {fileID: 0}
    m_RemovedComponents: []
  m_SourcePrefab: {fileID: 100100000, guid: 1ab5f48d8d6dd5d43afd6c0ec9fb98bb, type: 3}
--- !u!1 &6432046379216015917 stripped
GameObject:
  m_CorrespondingSourceObject: {fileID: 141033510495633620, guid: 1ab5f48d8d6dd5d43afd6c0ec9fb98bb,
    type: 3}
  m_PrefabInstance: {fileID: 6392355139004846841}
  m_PrefabAsset: {fileID: 0}
--- !u!4 &6432046379216015912 stripped
Transform:
  m_CorrespondingSourceObject: {fileID: 141033510495633617, guid: 1ab5f48d8d6dd5d43afd6c0ec9fb98bb,
    type: 3}
  m_PrefabInstance: {fileID: 6392355139004846841}
  m_PrefabAsset: {fileID: 0}
